<?xml version="1.0"?>
<collection>
  <record>
    <leader>01155cz  a2200253n  4500</leader>
    <controlfield tag="001">n81147297</controlfield>
    <controlfield tag="003">DLC</controlfield>
    <controlfield tag="005">20200302130828.0</controlfield>
    <controlfield tag="008">820126n| azannaabn          |a aaa      </controlfield>
    <datafield ind1=" " ind2=" " tag="010">
      <subfield code="a">n  81147297 </subfield>
    </datafield>
    <datafield ind1=" " ind2=" " tag="035">
      <subfield code="a">(OCoLC)oca00692063</subfield>
    </datafield>
    <datafield ind1=" " ind2=" " tag="040">
      <subfield code="a">DLC</subfield>
      <subfield code="b">eng</subfield>
      <subfield code="e">rda</subfield>
      <subfield code="c">DLC</subfield>
      <subfield code="d">OCoLC</subfield>
      <subfield code="d">DLC</subfield>
    </datafield>
    <datafield ind1=" " ind2=" " tag="046">
      <subfield code="f">1906</subfield>
      <subfield code="g">1975</subfield>
      <subfield code="2">edtf</subfield>
    </datafield>
    <datafield ind1="1" ind2=" " tag="100">
      <subfield code="a">Roosevelt, Anna,</subfield>
      <subfield code="d">1906-1975</subfield>
    </datafield>
    <datafield ind1=" " ind2=" " tag="377">
      <subfield code="a">eng</subfield>
    </datafield>
    <datafield ind1="1" ind2=" " tag="400">
      <subfield code="w">nna</subfield>
      <subfield code="a">Roosevelt, Anna Eleanor,</subfield>
      <subfield code="d">1906-1975</subfield>
    </datafield>
    <datafield ind1="1" ind2=" " tag="400">
      <subfield code="a">Boettiger, Anna Roosevelt,</subfield>
      <subfield code="d">1906-1975</subfield>
    </datafield>
    <datafield ind1="1" ind2=" " tag="400">
      <subfield code="a">Dall, Anna Roosevelt,</subfield>
      <subfield code="d">1906-1975</subfield>
    </datafield>
    <datafield ind1="1" ind2=" " tag="400">
      <subfield code="a">Halsted, Anna Roosevelt,</subfield>
      <subfield code="d">1906-1975</subfield>
    </datafield>
    <datafield ind1=" " ind2=" " tag="670">
      <subfield code="a">Her Scamper ... c1934.</subfield>
    </datafield>
    <datafield ind1=" " ind2=" " tag="670">
      <subfield code="a">Roosevelt, E. Mother and daughter, c1982:</subfield>
      <subfield code="b">CIP t.p. (Anna Roosevelt) introd. (Anna Roosevelt's widower, Dr. James A. Halsted)</subfield>
    </datafield>
    <datafield ind1=" " ind2=" " tag="670">
      <subfield code="a">The daughters of Yalta, 2020:</subfield>
      <subfield code="b">CIP galley (Anna Roosevelt--President Roosevelt's daughter and aide-de-camp, also known as Anna Roosevelt Boettiger; at thirty-eight she had three children: a teenage daughter and son from her first marriage to a stockbroker named Curtis Dall, and a five-year-old son with John Boettiger; the White House in early 1944)</subfield>
    </datafield>
  </record>