
  <record>
    <leader>00690nz  a2200169n  4500</leader>
    <controlfield tag="001">n97046493</controlfield>
    <controlfield tag="003">DLC</controlfield>
    <controlfield tag="005">19970502145748.6</controlfield>
    <controlfield tag="008">970502n| acannaab           |a aaa      </controlfield>
    <datafield ind1=" " ind2=" " tag="010">
      <subfield code="a">n  97046493 </subfield>
    </datafield>
    <datafield ind1=" " ind2=" " tag="035">
      <subfield code="a">(DLC)n  97046493</subfield>
    </datafield>
    <datafield ind1=" " ind2=" " tag="040">
      <subfield code="a">DLC</subfield>
      <subfield code="c">DLC</subfield>
    </datafield>
    <datafield ind1="1" ind2="0" tag="100">
      <subfield code="a">Roosevelt, Eleanor Butler,</subfield>
      <subfield code="d">1889-1960</subfield>
    </datafield>
    <datafield ind1="1" ind2="0" tag="400">
      <subfield code="a">Alexander, Eleanor Butler,</subfield>
      <subfield code="d">1889-1960</subfield>
    </datafield>
    <datafield ind1=" " ind2=" " tag="670">
      <subfield code="a">Library of Congress Manuscript Division for Roosevelt, T., Jr. Papers, 1780-1962</subfield>
      <subfield code="b">(Eleanor Butler Roosevelt; b. 1889; Eleanor Butler Alexander m. Theodore Roosevelt, Jr., in 1910; d. 1960)</subfield>
    </datafield>
    <datafield ind1=" " ind2=" " tag="670">
      <subfield code="a">PREMARC file, Apr. 2, 1997</subfield>
      <subfield code="b">(hdg: Roosevelt, Eleanor Butler (Alexander); auth. of book on T. Roosevelt, Jr.)</subfield>
    </datafield>
  </record>
</collection>
